%% This BibTeX bibliography file was created using BibDesk.
%% http://www.cs.ucsd.edu/~mmccrack/bibdesk.html


%% Created for neil at 2002-12-09 14:04:13 +1300 

@book{marinescu2013cloud,
  title={Cloud computing: theory and practice},
  author={Marinescu, Dan C},
  year={2013},
  publisher={Newnes}
}

@misc{energyOutlook,
  title = {{World Energy Outlook 2013 Fact sheet}},
  howpublished = {\url{http://www.worldenergyoutlook.org/media/weowebsite/factsheets/WEO2013_Factsheets.pdf}},
  note = {Accessed: 2017-06-12}
}

%% Created using Papers on Fri, 16 Jun 2017.
%% http://papersapp.com/papers/

@article{Dosa:2013ie,
author = {D{\'o}sa, Gy{\"o}rgy and Sgall, Jir{\'\i}},
title = {{First Fit bin packing - A tight analysis.}},
journal = {STACS},
year = {2013}
}

@article{Waldspurger:2002db,
author = {Waldspurger, Carl A},
title = {{Memory resource management in VMware ESX server}},
journal = {ACM SIGOPS Operating Systems Review},
year = {2002},
volume = {36},
number = {SI},
pages = {181--194},
month = dec
}

@article{Uhlig:2005do,
author = {Uhlig, Rich and Neiger, Gil and Rodgers, Dion and Santoni, Amy L and Martins, Fernando C M and Anderson, Andrew V and Bennett, Steven M and K{\"a}gi, Alain and Leung, Felix H and Smith, Larry},
title = {{Intel Virtualization Technology.}},
journal = {IEEE Computer},
year = {2005},
volume = {38},
number = {5},
pages = {48--56}
}

@article{Xu:2010vh,
author = {Xu, Jing and Fortes, Jos{\'e} A B},
title = {{Multi-Objective Virtual Machine Placement in Virtualized Data Center Environments.}},
journal = {GreenCom/CPSCom},
year = {2010}
}

@booklet{Kaplan:up01fR-k,
title = {{Revolutionizing data center energy efficiency}},
author = {Kaplan, J M and Forrest, W and Kindler, N},
year = {2008}
}

@article{2010arXiv1006.0308B,
author = {Buyya, Rajkumar and Beloglazov, Anton and Abawajy, Jemal H},
title = {{Energy-Efficient Management of Data Center Resources for Cloud Computing - A Vision, Architectural Elements, and Open Challenges.}},
journal = {PDPTA},
year = {2010},
volume = {cs.DC},
pages = {arXiv:1006.0308}
}

@article{Gupta:2008ul,
author = {Gupta, Rohit and Bose, Sumit Kumar and Sundarrajan, Srikanth and Chebiyam, Manogna and Chakrabarti, Anirban},
title = {{A Two Stage Heuristic Algorithm for Solving the Server Consolidation Problem with Item-Item and Bin-Item Incompatibility Constraints.}},
journal = {IEEE SCC},
year = {2008}
}

@article{Gmach:2012en,
author = {Gmach, Daniel and Rolia, Jerry and Cherkasova, Ludmila},
title = {{Selling T-shirts and Time Shares in the Cloud.}},
journal = {CCGRID},
year = {2012},
pages = {539--546}
}

@article{Tomas:2013iv,
author = {Tom{\'a}s, Luis and Tordsson, Johan},
title = {{Improving cloud infrastructure utilization through overbooking.}},
journal = {CAC},
year = {2013},
pages = {1}
}

@article{Vogels:2008bg,
author = {Vogels, Werner},
title = {{Beyond Server Consolidation.}},
journal = {ACM Queue},
year = {2008},
volume = {6},
number = {1},
pages = {20}
}

@article{Sudevalayam:2011cv,
author = {Sudevalayam, Sujesha and Kulkarni, Purushottam},
title = {{Affinity-Aware Modeling of CPU Usage for Provisioning Virtualized Applications.}},
journal = {IEEE CLOUD},
year = {2011},
pages = {139--146}
}

@article{Buyya:2009ix,
author = {Buyya, Rajkumar and Yeo, Chee Shin and Venugopal, Srikumar and Broberg, James and Brandic, Ivona},
title = {{Cloud computing and emerging IT platforms: Vision, hype, and reality for delivering computing as the 5th utility}},
journal = {Future Generation Computer Systems},
year = {2009},
volume = {25},
number = {6},
pages = {599--616},
month = jun
}

@article{Rong:2016js,
author = {Rong, Huigui and Zhang, Haomin and Xiao, Sheng and Li, Canbing and Hu, Chunhua},
title = {{Optimizing energy consumption for data centers}},
journal = {Renewable and Sustainable Energy Reviews},
year = {2016},
volume = {58},
pages = {674--691},
month = may
}

@booklet{Belady:AcnDy0mJ,
title = {{Green grid data center power efficiency metrics, PUE and DCIE. White paper: Metrics {\&} Measurements}},
author = {Belady, C},
year = {2007}
}

@article{Sindelar:2011bu,
author = {Sindelar, Michael and Sitaraman, Ramesh K and Shenoy, Prashant J},
title = {{Sharing-aware algorithms for virtual machine colocation.}},
journal = {SPAA},
year = {2011},
pages = {367}
}

@book{Li:2009wf,
author = {Li, B and Jianxin, L},
title = {{An Energy-saving Application Live Placement Approach for Cloud Computing Environment}},
publisher = {ACM International Conference on Cloud Computing},
year = {2009}
}

@article{Chen:2013ft,
author = {Chen, Jianhai and Chiew, Kevin and Ye, Deshi and Zhu, Liangwei and Chen, Wenzhi},
title = {{AAGA - Affinity-Aware Grouping for Allocation of Virtual Machines.}},
journal = {AINA},
year = {2013},
pages = {235--242}
}

@article{Mann:2015ua,
author = {Mann, Z {\'A}},
title = {{Approximability of virtual machine allocation: much harder than bin packing}},
year = {2015}
}

@article{Wood:2009cv,
author = {Wood, Timothy and Tarasuk-Levin, Gabriel and Shenoy, Prashant J and Desnoyers, Peter and Cecchet, Emmanuel and Corner, Mark D},
title = {{Memory buddies - exploiting page sharing for smart colocation in virtualized data centers.}},
journal = {Operating Systems Review},
year = {2009},
pages = {31}
}

@incollection{Mann:2016hx,
author = {Mann, Zolt{\'a}n {\'A}d{\'a}m},
title = {{Interplay of Virtual Machine Selection and Virtual Machine Placement}},
booktitle = {Service-Oriented and Cloud Computing},
year = {2016},
pages = {137--151},
publisher = {Springer International Publishing},
address = {Cham},
month = aug
}

@article{Calheiros:2011fs,
author = {Calheiros, Rodrigo N and Ranjan, Rajiv and Buyya, Rajkumar},
title = {{Virtual Machine Provisioning Based on Analytical Performance and QoS in Cloud Computing Environments.}},
journal = {ICPP},
year = {2011},
pages = {295--304}
}

@article{Candeia:2010wt,
author = {Candeia, David and Santos, Ricardo Ara{\'u}jo and Lopes, Raquel Vigolvino and Brasileiro, Francisco Vilar},
title = {{Investigating Business-Driven Cloudburst Schedulers for E-Science Bag-of-Tasks Applications.}},
journal = {CloudCom},
year = {2010}
}

@article{Beloglazov:2012bw,
author = {Beloglazov, Anton and Buyya, Rajkumar},
title = {{Optimal online deterministic algorithms and adaptive heuristics for energy and performance efficient dynamic consolidation of virtual machines in Cloud data centers.}},
journal = {Concurrency and Computation - Practice and Experience},
year = {2012},
volume = {24},
number = {13},
pages = {1397--1420}
}

@article{Kivity:2007wu,
author = {Kivity, A and Kamay, Y and Laor, D and Lublin, U},
title = {{kvm: the Linux virtual machine monitor}},
journal = {{\ldots} of the Linux {\ldots}},
year = {2007}
}

@article{Speitkamp:2010ck,
author = {Speitkamp, B and Bichler, M},
title = {{A mathematical programming approach for server consolidation problems in virtualized data centers}},
journal = {IEEE Transactions on services {\ldots}},
year = {2010}
}

@article{Panigrahy:2011wk,
author = {Panigrahy, R and Talwar, K and Uyeda, L and Wieder, U},
title = {{Heuristics for vector bin packing}},
journal = {research microsoft com},
year = {2011}
}

@article{Sundararajan:2015tn,
author = {Sundararajan, Priya Krishnan and Feller, Eugen and Forgeat, Julien and Mengshoel, Ole J},
title = {{A Constrained Genetic Algorithm for Rebalancing of Services in Cloud Data Centers.}},
journal = {CLOUD},
year = {2015}
}

@article{Clark:2005ud,
author = {Clark, Christopher and Fraser, Keir and Hand, Steven and Hansen, Jacob Gorm and Jul, Eric and Limpach, Christian and Pratt, Ian and Warfield, Andrew},
title = {{Live migration of virtual machines}},
year = {2005},
pages = {273--286},
month = may
}

@article{Cho:2016kz,
author = {Cho, Jinkyun and Kim, Yundeok},
title = {{Improving energy efficiency of dedicated cooling system and its contribution towards meeting an energy-optimized data center}},
journal = {Applied Energy},
year = {2016},
volume = {165},
pages = {967--982},
month = mar
}

@article{Hameed:2016cma,
author = {Hameed, Abdul and Khoshkbarforoushha, Alireza and Ranjan, Rajiv and Jayaraman, Prem Prakash and Kolodziej, Joanna and Balaji, Pavan and Zeadally, Sherali and Malluhi, Qutaibah Marwan and Tziritas, Nikos and Vishnu, Abhinav and Khan, Samee U and Zomaya, Albert Y},
title = {{A survey and taxonomy on energy efficient resource allocation techniques for cloud computing systems.}},
journal = {Computing},
year = {2016},
volume = {98},
number = {7},
pages = {751--774}
}

@article{Jung:2008vb,
author = {Jung, Gueyoung and Joshi, Kaustubh R and Hiltunen, Matti A and Schlichting, Richard D and Pu, Calton},
title = {{Generating Adaptation Policies for Multi-tier Applications in Consolidated Server Environments.}},
journal = {ICAC},
year = {2008}
}

@article{Li:2011ti,
author = {Li, Wubin and Tordsson, Johan and Elmroth, Erik},
title = {{Modeling for Dynamic Cloud Scheduling Via Migration of Virtual Machines.}},
journal = {CloudCom},
year = {2011}
}

@article{Apte:2010vf,
author = {Apte, Renuka and Hu, Liting and Schwan, Karsten and Ghosh, Arpan},
title = {{Look Who's Talking - Discovering Dependencies between Virtual Machines Using CPU Utilization.}},
journal = {HotCloud},
year = {2010}
}

@article{Zhang:2010vo,
author = {Zhang, Q and Cheng, L and Boutaba, R},
title = {{Cloud computing: state-of-the-art and research challenges}},
journal = {Journal of internet services and {\ldots}},
year = {2010}
}

@booklet{Marinescu:2013wr,
title = {{Cloud computing: theory and practice}},
author = {Marinescu, D C},
year = {2013}
}

@article{Varasteh:2015fu,
author = {Varasteh, Amir and Goudarzi, Maziar},
title = {{Server Consolidation Techniques in Virtualized Data Centers: A Survey}},
journal = {IEEE Systems Journal},
year = {2015},
pages = {1--12}
}

@article{Barroso:2007jt,
author = {Barroso, Luiz Andr{\'e} and H{\"o}lzle, Urs},
title = {{The Case for Energy-Proportional Computing.}},
journal = {IEEE Computer},
year = {2007},
volume = {40},
number = {12},
pages = {33--37}
}

@article{Barham:2003cj,
author = {Barham, Paul and Dragovic, Boris and Fraser, Keir and Hand, Steven and Harris, Timothy L and Ho, Alex and Neugebauer, Rolf and Pratt, Ian and Warfield, Andrew},
title = {{Xen and the art of virtualization.}},
journal = {SOSP},
year = {2003},
pages = {164}
}

